%% This BibTeX bibliography file was created using BibDesk.
%% http://bibdesk.sourceforge.net/

%% Created for Yasyf Mohamedali at 2017-05-15 14:09:46 -0400 


%% Saved with string encoding Unicode (UTF-8) 



@webpage{gdocs,
	Date-Added = {2017-05-15 18:09:37 +0000},
	Date-Modified = {2017-05-15 18:09:37 +0000},
	Url = {https://snarl.herokuapp.com},
	Bdsk-Url-1 = {https://snarl.herokuapp.com}}

@webpage{unifyid,
	Date-Added = {2017-05-15 18:09:14 +0000},
	Date-Modified = {2017-05-15 18:09:14 +0000},
	Url = {https://unify.id},
	Bdsk-Url-1 = {https://unify.id}}

@webpage{extension,
	Date-Added = {2017-05-15 18:04:17 +0000},
	Date-Modified = {2017-05-15 18:09:46 +0000},
	Url = {https://snarl.herokuapp.com/client}}

@electronic{punchtimeauth,
	Author = {Joy Yang and Don Derek Haddad},
	Date-Added = {2017-05-15 17:54:25 +0000},
	Date-Modified = {2017-05-15 17:54:58 +0000},
	Lastchecked = {Monday, May 15, 2017},
	Title = {punchTimeAuth: A Biometric keystroke based authentication},
	Url = {http://css.csail.mit.edu/6.858/2017/projects/yangjy-ddh.pdf},
	Bdsk-Url-1 = {http://css.csail.mit.edu/6.858/2017/projects/yangjy-ddh.pdf}}
